
@online{Example7,
author = {Kim Larsen},
title = {GAM: The Predictive Modeling Silver Bullet},
year = {2015},
url = {multithreaded.stitchfix.com/blog/2015/07/30/gam/}
}

@Misc{Example,
author = {Alexander Sapone},
title = {NBA Player Height and Weight Analysis},
year = {2020},
note = {https://rstudio-pubs-static.s3.amazonaws.com/695363_a078a7c80fd14d0b8daa72c2aa4dc899.html}
}


%@online{Example,
%author = {Alexander Sapone},
%title = {NBA Player Height and Weight Analysis},
%year = {2020},
%url = {https://rstudio-pubs-static.s3.amazonaws.com/695363_a078a7c80fd14d0b8daa72c2aa4dc899.html}
%}
@Misc{Example2,
author = {Ani Katchova},
title = {Quantile Regression},
year = {2013-2021},
note = {https://sites.google.com/site/econometricsacademy/econometrics-models/quantile-regression}
}

@Misc{Example3,
author = {Paul Roback and Julie Legler},
title = {Beyond Multiple Linear Regression: Applied Generalized Linear Models and Multilevel Models in R},
year = {2021},
note = {https://bookdown.org/roback/bookdown-BeyondMLR/}
}

@Misc{Example4,
author = {JUSTINAS CIRTAUTAS},
title = {NBA Players},
year = {2021},
note = {https://www.kaggle.com/datasets/justinas/nba-players-data}
}


@article{Example5,
author="Alan Agresti",
title="An Introduction to Categorical Data Analysis",
year="2019"
}

@online{Example6,
author = {Justin Kubatko},
title = {Basketball-Reference},
year = {2004-present},
url = {Basketball-Reference.com}
}


