@online{1,
author = {Alexander Sapone},
title = {NBA Player Height and Weight Analysis},
year = {2020},
url = {https://rstudio-pubs-static.s3.amazonaws.com/695363_a078a7c80fd14d0b8daa72c2aa4dc899.html}
}

@online{2,
author = {Ani Katchova},
title = {Quantile Regression},
year = {2013-2021},
url = {https://sites.google.com/site/econometricsacademy/econometrics-models/quantile-regression}
}

@online{3,
author = {Paul Roback and Julie Legler},
title = {Beyond Multiple Linear Regression: Applied Generalized Linear Models and Multilevel Models in R},
year = {2021},
url = {https://bookdown.org/roback/bookdown-BeyondMLR/}
}

@online{4,
author = {JUSTINAS CIRTAUTAS},
title = {NBA Players},
year = {2021},
url = {https://www.kaggle.com/datasets/justinas/nba-players-data}
}

@article{5,
author="Alan Agresti",
title="An Introduction to Categorical Data Analysis",
year="2019"
}

@online{6,
author = {Justin Kubatko},
title = {Basketball-Reference},
year = {2004-present},
url = {Basketball-Reference.com}
}

@online{7,
author = {Kim Larsen},
title = {GAM: The Predictive Modeling Silver Bullet},
year = {2015},
url = {multithreaded.stitchfix.com/blog/2015/07/30/gam/}
}

@online{8,
author = {Stacey Ronaghan},
title = {The Mathematics of Decision Trees, Random Forest and Feature Importance in Scikit-learn and Spark},
year = {2018},
url = {https://towardsdatascience.com/the-mathematics-of-decision-trees-random-forest-and-feature-importance-in-scikit-learn-and-spark-f2861df67e3}
}

@online{9,
author = {Stephanie Glen},
title = {Lasso Regression: Simple Definition},
url = {https://www.statisticshowto.com/lasso-regression/}
}

@online{10,
author = {Ewa Sobolewska},
title = {Principal Component Regression},
year = {2019},
url = {https://rpubs.com/esobolewska/pcr-step-by-step}
}